<record><leader>00000cas a2200000 a 4500</leader><controlfield tag="001">8768434</controlfield><controlfield tag="008">820913c19819999vtuwr ne      0   a0eng d</controlfield><datafield ind1=" " ind2=" " tag="010"><subfield code="a">sn 97067599 </subfield></datafield><datafield ind1=" " ind2=" " tag="040"><subfield code="a">VTU</subfield><subfield code="c">VTU</subfield><subfield code="d">NVN</subfield><subfield code="d">OCLCQ</subfield><subfield code="d">NVN</subfield></datafield><datafield ind1=" " ind2=" " tag="037"><subfield code="b">Box 116, Essex Junction, Vt. 05452</subfield></datafield><datafield ind1=" " ind2=" " tag="043"><subfield code="a">n-us-vt</subfield></datafield><datafield ind1="0" ind2="4" tag="245"><subfield code="a">The Essex reporter.</subfield></datafield><datafield ind1="1" ind2="0" tag="246"><subfield code="a">Reporter</subfield></datafield><datafield ind1=" " ind2=" " tag="260"><subfield code="a">Essex Junction, Vt. :</subfield><subfield code="b">Tim Callahan</subfield></datafield><datafield ind1=" " ind2=" " tag="300"><subfield code="a">v. :</subfield><subfield code="b">ill. ;</subfield><subfield code="c">43 cm.</subfield></datafield><datafield ind1=" " ind2=" " tag="310"><subfield code="a">Weekly</subfield></datafield><datafield ind1="0" ind2=" " tag="362"><subfield code="a">Vol. 1, no. 1 (July 17, 1981)-</subfield></datafield><datafield ind1=" " ind2=" " tag="500"><subfield code="a">"The community news for the people of Essex."</subfield></datafield><datafield ind1=" " ind2="0" tag="650"><subfield code="a">Community newspapers</subfield><subfield code="z">Vermont</subfield><subfield code="z">Essex.</subfield></datafield><datafield ind1=" " ind2="0" tag="651"><subfield code="a">Vermont</subfield><subfield code="v">Newspapers.</subfield></datafield><datafield ind1=" " ind2="0" tag="651"><subfield code="a">Essex (Vt. : Town)</subfield><subfield code="v">Newspapers.</subfield></datafield><datafield ind1=" " ind2="0" tag="651"><subfield code="a">Essex Junction (Vt.)</subfield><subfield code="v">Newspapers.</subfield></datafield><datafield ind1=" " ind2=" " tag="752"><subfield code="a">United States</subfield><subfield code="b">Vermont</subfield><subfield code="c">Chittenden</subfield><subfield code="d">Essex Junction.</subfield></datafield></record>